@manual{consegi2011,
	Author = {M. V. F. Mazoni},
	Organization = {IV Congresso Internacional Software Livre e Comércio Eletrônico},
	Title = {Dados Abertos para a Democracia na Era Digital},
	Year = {2011},
	Address = {Brasília, Brasil},
	Pages = {80},
}

@article{open_knowledge,
	Author = {Open Knowledge},
	Title = {About Us},
	Year = {2016},
}

@article{camara_dados_abertos,
	Author = {Câmara dos Deputados},
	Title = {Dados Abertos das Câmara dos Deputados},
	Year = {2016}
}

@misc{lei_acesso_informacao,
	Title = {Lei nº 12.527, de 18 de Novembro de 2011},
	Year = {2011}
}